@misc{mehlig2019artificial,
    title={Artificial Neural Networks},
    author={B. Mehlig},
    year={2019},
    eprint={1901.05639},
    archivePrefix={arXiv},
    primaryClass={cs.LG}
}

@inproceedings{feurer2015initializing,
  title={Initializing bayesian hyperparameter optimization via meta-learning},
  author={Feurer, Matthias and Springenberg, Jost Tobias and Hutter, Frank},
  booktitle={Twenty-Ninth AAAI Conference on Artificial Intelligence},
  year={2015}
}

@book{dasgupta2008algorithms,
  title={Algorithms},
  author={Dasgupta, Sanjoy and Papadimitriou, Christos H and Vazirani, Umesh Virkumar},
  year={2008},
  publisher={McGraw-Hill Higher Education}
}

@inproceedings{young2015optimizing,
  title={Optimizing deep learning hyper-parameters through an evolutionary algorithm},
  author={Young, Steven R and Rose, Derek C and Karnowski, Thomas P and Lim, Seung-Hwan and Patton, Robert M},
  booktitle={Proceedings of the Workshop on Machine Learning in High-Performance Computing Environments},
  pages={4},
  year={2015},
  organization={ACM}
}

@article{bergstra2012random,
  title={Random search for hyper-parameter optimization},
  author={Bergstra, James and Bengio, Yoshua},
  journal={Journal of Machine Learning Research},
  volume={13},
  number={Feb},
  pages={281--305},
  year={2012}
}

@article{10.2307/24939139,
 ISSN = {00368733, 19467087},
 URL = {http://www.jstor.org/stable/24939139},
 author = {John H. Holland},
 journal = {Scientific American},
 number = {1},
 pages = {66--73},
 publisher = {Scientific American, a division of Nature America, Inc.},
 title = {Genetic Algorithms},
 volume = {267},
 year = {1992}
}

@article{youtube_2017, 
  title={But what is a Neural Network? | Deep learning, chapter 1},
  author={Sanderson, Grant},
  journal={YouTube},
  year={2017},
  month={Oct}
}

@book{Goldberg:1989:GAS:534133,
 author = {Goldberg, David E.},
 title = {Genetic Algorithms in Search, Optimization and Machine Learning},
 year = {1989},
 isbn = {0201157675},
 edition = {1st},
 publisher = {Addison-Wesley Longman Publishing Co., Inc.},
 address = {Boston, MA, USA},
}

@book{krose1996introduction,
  title = {An Introduction to Neural Networks},
  author = {Kr{\"o}se, B. and van der Smagt, P.},
  url = {https://books.google.com/books?id=M7FTNQAACAAJ},
  year = {1996},
  publisher = {University of Amsterdam}
}

@article{rosenblatt1958perceptron,
  title={The perceptron: a probabilistic model for information storage and organization in the brain.},
  author={Rosenblatt, Frank},
  journal={Psychological review},
  volume={65},
  number={6},
  pages={386},
  year={1958},
  publisher={American Psychological Association}
}

@article{elman1990finding,
  title={Finding structure in time},
  author={Elman, Jeffrey L},
  journal={Cognitive science},
  volume={14},
  number={2},
  pages={179--211},
  year={1990},
  publisher={Wiley Online Library}
}

@article{lecun1998gradient,
  title={Gradient-based learning applied to document recognition},
  author={LeCun, Yann and Bottou, L{\'e}on and Bengio, Yoshua and Haffner, Patrick},
  journal={Proceedings of the IEEE},
  volume={86},
  number={11},
  pages={2278--2324},
  year={1998},
  publisher={Ieee}
}

@misc{bradley2020interface,
    title={At the Interface of Algebra and Statistics},
    author={Tai-Danae Bradley},
    year={2020},
    eprint={2004.05631},
    archivePrefix={arXiv},
    primaryClass={quant-ph}
}

@article{rumelhart1986learning,
  title={Learning representations by back-propagating errors},
  author={Rumelhart, David E and Hinton, Geoffrey E and Williams, Ronald J},
  journal={nature},
  volume={323},
  number={6088},
  pages={533--536},
  year={1986},
  publisher={Nature Publishing Group}
}

@article{xu2015empirical,
  title={Empirical evaluation of rectified activations in convolutional network},
  author={Xu, Bing and Wang, Naiyan and Chen, Tianqi and Li, Mu},
  journal={arXiv preprint arXiv:1505.00853},
  year={2015}
}

@article{ramachandran2017searching,
  title={Searching for activation functions},
  author={Ramachandran, Prajit and Zoph, Barret and Le, Quoc V},
  journal={arXiv preprint arXiv:1710.05941},
  year={2017}
}

@article{alcaide2018swish,
  title={E-swish: Adjusting activations to different network depths},
  author={Alcaide, Eric},
  journal={arXiv preprint arXiv:1801.07145},
  year={2018}
}